@ARTICLE{NOGUEIRA_2002,
  AUTHOR =       {Nogueira J. R. Nogueira and  E. A. Silva and and N. G. Medeiros},
  TITLE =        {Segmentação morfológica de imagens utilizando o gradiente morfológico multi-escala},
  JOURNAL =      {Revista Brasileira de Cartografia, Presidente Prudente},
  YEAR =         {2002}
}
