@ARTICLE{NOGUEIRA_2002,
	author = {Nogueira J. R. Nogueira and E. A. Silva and and N. G. Medeiros},
	title = {Segmentação morfológica de imagens utilizando o gradiente morfológico multi-escalar},
	journal = {Revista Brasileira de Cartografia, Presidente Prudente},
	year = {2002},
	volume = {1},
	pages = {77-85}
}

@MISC{WANGENHEIM_2004,
	author = { WANGENHERIM, Aldo von },
	title  = { A. Introdução à Visão Computacional. Morfologia Matemática. },
	howpublished = {internet},
	url = { http://www.inf.ufsc.br/~visao/morfologia.pdf },
	urlacces = { 21 abr. 2008 }
}

@TECHREPORT{SEARA_1998,
	AUTHOR = { SEARA, Daniela M. },
	title  = { Algoritmos para detecção de bordas },
	howpublished = {internet},
	url = { http://www.inf.ufsc.br/~visao/1998/seara/index.html#3 },
	urlacces = { 21 abr. 2008 },
	INSTITUTION = { Universidade Federal de Santa Catarina },
	YEAR = { 1998 },
	type = { Pós Graduação em Ciências da Computação - CPGCC },
	address = { Florianípolis }
}

@ARTICLE{BOTELHO_2007,
	AUTHOR = { BOTELHO, M. F. and CENTENO, J. A. S. },
	title  = { Reconstrução Tridimensional de Edificações Utilizando Dados Laser Scanner Aerotransportados },
	journal = { Boletim de Ciências Geodésicas },
	YEAR = { 2007 },
	volume = { 13 },
	number = { 1 },
	pages = {107-126}
}

@ARTICLE{GUIMARAES_2004,
	author = {Silvio J. F. Guimar\,
		{a}es and Neucimar J. Leite and Michel Couprie and Arnaldo de A. Ara\'{u}jo},
	title = {Flat zone analysis and a sharpening operation for gradual transition detection on video images},
	journal = {EURASIP J. Appl. Signal Process.},
	volume = {2004},
	number = {1},
	year = {2004},
	issn = {1110-8657},
	pages = {1943--1953},
	doi = {http://dx.doi.org/10.1155/S1110865704407069},
	publisher = {Hindawi Publishing Corp.},
	address = {New York, NY, United States},
}

@ARTICLE{GUIMARAES_2003_2,
	author = { GUIMARAES, S. J. F. and LEITE, Neucimar Jerônimo and COUPRIE, Michel and ARAÚJO, Arnaldo de Albuquerque },
	title = { An approach to detect video transitions based on mathematical morphology },
	journal = {	International Conference on Image Processing },
	address = { Barcelone },
	year = { 2003 },
	volume = { 3 },
	pages = { 1021-1024 }
}

@ARTICLE{GUIMARAES_2002,
	author = { GUIMARAES, S. J. F. and LEITE, Neucimar Jerônimo and COUPRIE, Michel and ARAÚJO, Arnaldo de Albuquerque },
	title = { A directional and multi-scale method to identify gradual transitions},
	journal = { XV Brazilian Symposium on Computer Graphics and Image Processing  IEEE SIBGRAPI },
	year = { 2002 }, 
	address = { Fortaleza },
	pages = { 261-268 }
}

@ARTICLE{GUIMARAES_2002_2,
	author = { GUIMARAES, S. J. F. and LEITE, Neucimar Jerônimo and COUPRIE, Michel and ARAÚJO, Arnaldo de Albuquerque },
	title = { Identificação de transições em vídeo digital a partir da análise de ritmo visual },
	journal = { Workshop em Tratamento de Imagens },
	year = { 2002 }, 
	address = { Belo horizonte }
}

@ARTICLE{GUIMARAES_2001,
	author = { GUIMARAES, S. J. F. and LEITE, Neucimar Jerônimo and COUPRIE, Michel and ARAÚJO, Arnaldo de Albuquerque },
	title = { A method for cut detection based on visual rhythm },
	journal = {	XIV Brazilian Symposium on Computer Graphics and Image Processing, IEEE SIBGRAPI},
	year = { 2001 },
	address = { Florianópolis },
	pages = { 297-304 }
}

@ARTICLE{ZABIH_1995,
	author = {ZABIH, Ramin and MILLER, Justin and MAI, Kevin },
	title = {A feature-based algorithm for detecting and classifying scene breaks},
	booktitle = {MULTIMEDIA '95: Proceedings of the third ACM international conference on Multimedia},
	year = {1995},
	isbn = {0-89791-751-0},
	pages = {189--200},
	location = {San Francisco, California, United States},
	doi = {http://doi.acm.org/10.1145/217279.215266},
	publisher = {ACM},
	address = {New York, NY, USA},
}

@article{LEFEVRE_2003,
	author = {LEF\`{E}VRE, S\'{e}bastien and HOLLER, J\'{e}r\^{o}me and VINCENT, Nicole },
	title = {A review of real-time segmentation of uncompressed video sequences for content-based search and retrieval},
	journal = {Real-Time Imaging},
	volume = {9},
	number = {1},
	year = {2003},
	issn = {1077-2014},
	pages = {73--98},
	doi = {http://dx.doi.org/10.1016/S1077-2014(02)00115-8},
	publisher = {Academic Press Ltd.},
	address = {London, UK, UK},
}

@article{LIU_2004,
	AUTHOR = { LIU, T.Y. and LO, K.T. and ZHANG, X.D. and FENG, J. },
	TITLE = {A new cut detection algorithm with constant false-alarm ratio for video segmentation},
	JOURNAL = { JVCIR },
	VOLUME = { 15 },
	YEAR = { 2004 },
	NUMBER = { 2 },
	MONTH = { June },
	PAGES = { 132-144 },
	BIBSOURCE = { http://www.visionbib.com/bibliography/applicat820.html#TT64269 }
}


@article{FANG_2006,
	author = {FANG, Hui and JIANG, Jianmin and FENG, Yue},
	title = {A fuzzy logic approach for detection of video shot boundaries},
	journal = {Pattern Recogn.},
	volume = {39},
	number = {11},
	year = {2006},
	issn = {0031-3203},
	pages = {2092--2100},
	doi = {http://dx.doi.org/10.1016/j.patcog.2006.04.044},
	publisher = {Elsevier Science Inc.},
	address = {New York, NY, USA},
}

@article{YU_2001,
	author = {YU, Jun and SRINATH, M. D.},
	title = {An efficient method for scene cut detection},
	journal = {Pattern Recogn. Lett.},
	volume = {22},
	number = {13},
	year = {2001},
	issn = {0167-8655},
	pages = {1379--1391},
	doi = {http://dx.doi.org/10.1016/S0167-8655(01)00085-X},
	publisher = {Elsevier Science Inc.},
	address = {New York, NY, USA},
}

@article{GUIMARAES_2003,
	author = { GUIMARAES, S. J. F. and LEITE, Neucimar Jerônimo and COUPRIE, Michel and ARAÚJO, Arnaldo de Albuquerque },
	title = {Video segmentation based on 2D image analysis},
	journal = {Pattern Recogn. Lett.},
	volume = {24},
	number = {7},
	year = {2003},
	issn = {0167-8655},
	pages = {947--957},
	doi = {http://dx.doi.org/10.1016/S0167-8655(02)00218-0},
	publisher = {Elsevier Science Inc.},
	address = {New York, NY, USA},
}

@article{GUIMARAES_2001_2,
	author = { GUIMARAES, S. J. F. and LEITE, Neucimar Jerônimo and COUPRIE, Michel and ARAÚJO, Arnaldo de Albuquerque },
	title = { Análise do vídeo a partir da sua simplificação },
	journal = { II Workshop em Tratamento de Imagens },
	year = {2001},
	address = { Belo Horizonte, Minas Gerais, Brasil }
}

@TECHREPORT{SANTOS_2005,
	AUTHOR =	{SANTOS, Daniel R.},
	TITLE = { Automação da resseção espacial de imagens com uso de hipóteses de rodovias como apoio de campo derivadas do sistema de varredura Laser },
	YEAR = { 2005 },
	TYPE = { Programa de Pós-Graduação em ciências Geodésicas },
	SCHOOL = { Universidade Federal do Paraná },
	address = { Curitiba },
	year = { 2005 },
	url = { http://dspace.c3sl.ufpr.br/dspace/bitstream/1884/3113/5/5_CAPITULO_III_TESE.pdf },
	urlaccess = { 9 abr. 2008}
}

@article{SANTOS_2005,
	AUTHOR =	{ STIVANELLO, Mauricio Edgar and GOMES, Paulo César Rodacki },
	TITLE = { Inspecão ao Visual Industrial Automatizada por Análise de Forma com Descritores de Fourier e Redes Neurais Artificiais },
	journal = { SEMINCO },
	SCHOOL = { Universidade Regional de Blumenau (FURB) },
	address = { Blumenau, SC - Brazil },
	year = { 2006 },
}

@MISC{FELGUEIRAS_2008,
	AUTHOR =       {FELGUEIRAS, Carlos Alberto},
	title =        {http://www.dpi.inpe.br/~carlos/Academicos/Cursos/Pdi/pdi_filtros.htm},
	howpublished = {internet},
	urlaccess = { 21 abr. 2008}
}

@MISC{MADRUGA_2008,
	AUTHOR =	{ MADRUGA, Paulo and PAIVA, Sérgio de Sá Leitão Jr},
	TITLE = { Morfologia matemática aplicada a reconhecimento de placas de automóveis },
	url = {http://www.unibratec.com.br/revistacientifica/diretorio/edicao1/Detec%C3%A7%C3%A3o%20de%20Placas%20_2_.pdf},
		 urlaccess = { 21 abr. 2008 },
		 howpublished = {internet}
}

@BOOK{WATKINSON_1999,
	TITLE = { The MPEG Handbook: MPEG-1, MPEG-2, MPEG-4 },
	AUTHOR =	{WATKINSON, John},
	editor =	{FOCAL PRESS-UK},
	YEAR =	{1999},
}

@MISC{OPENDML_2008,
	url = { http://www.the-labs.com/Video/odmlff2-avidef.pdf },
	urlacces = { 21 abr. 2008 },
	TITLE = {OpenDML AVI Format},
	YEAR = {1997},
	howpublished = {internet}
}

@BOOK{POYNTON_2003,
	TITLE = { Digital video and hdtv algorithms and interfaces },
	AUTHOR =	{ POYNTON, Charles },  
	editor =	{MORGAN KAUFMANN},
	YEAR =	{2003},
		  edition = {1}
}

@MISC{GATTASS_2006,
	AUTHOR = { GATTASS, Marcelo },
	TITLE = { Introdução as Cores },
	YEAR = { 2006 },
	url = { http://www.tecgraf.puc-rio.br/~mgattass/cg/pdf/02_Cor.pdf },
	urlaccess = { 21 abr. 2008 }
}

@article{SANTOS_2005,
	AUTHOR = { VIAPIANA, Evandro Luís and ENGEL, Paulo Martins },
	TITLE = { Um estudo comparativo de aplicação de técnicas de segmentação em imagens reais },
	journal = { Semana Academica UFRGS },
	SCHOOL = { Universidade Federal do Rio Grande do Sul },
	year = { 1998 },
}

@MISC{BASTOS_2006,
	AUTHOR = { BASTOS, Vanessa Parodes },
	TITLE = { Técnicas de Segmentação de Imagens para Recuperação de Informações Visuais },
	SCHOOL = { Universidade Católica de Pelotas },
	YEAR = { 2006 },
	url = { http://atlas.ucpel.tche.br/~vbastos/segmenta.htm },
	urlaccess = { 21 abr. 2008 }
}

@BOOK{WU_2000,
	TITLE = { Perspectives on Content-based Multimedia Systems },
	AUTHOR =	{ WU, JIAN KANG and KANKANHALLI, MOHAN S. and LIM, JOO-HWEE  },
	editor =	{ KLUWER ACADEMIC },
	YEAR =	{2000},
	pages = {408},
	edition = {9}
}

@TECHREPORT{SIMOES_2004,
	AUTHOR =	{ SIMOES, Nielsen Cassiano },
	TITLE = { Detecção de algumas transições abruptas em sequencias de imagens },
	YEAR = { 2004 },
	TYPE = { Dissertação (mestrado) },
	INSTITUTION = { Universidade Estadual de Campinas. Instituto de Computação },
	address = { Campinas },
}

@ARTICLE{NGO_1999,
    author = { NGO, C. W. and PONG, T. C. and CHIN, R. T. },
    title = { Detection of Gradual Transitions through Temporal Slice Analysis },
	 journal = { Computer Vision and Pattern Recognitio },
    pages = { 23-25 },
	 year = { 1999 },
	 volume = {1},
    url = { citeseer.ist.psu.edu/ngo99detection.html }
}

@ARTICLE{GUIMARAES_2002_3,
	author = {GUIMARAES, Silvio Jamil Ferzoli and LEITE, Neucimar Jer\^{o}nimo and COUPRIE, Michel and ARA\'{U}jo, Arnaldo de Albuquerque },
	title = {A Directional and Parametrized Transition Detection Algorithm Based on Morphological Residues},
	journal = {SIBGRAPI '02: Proceedings of the 15th Brazilian Symposium on Computer Graphics and Image Processing},
	year = {2002},
	isbn = {0-7695-1846-X},
	pages = {261--268},
	publisher = {IEEE Computer Society},
	address = {Washington, DC, USA},
	}

@ARTICLE{BERTRAND_1997,
  author = { BERTRAND, G. and EVERAT, J. and COUPRIE, M. },
  title = { Image segmentation through operators based upon topology },
  journal = { Journal of Electronic Imaging },
  text = { G. Bertrand, J. C. Everat, and M. Couprie. Image segmentation through operators
    based upon topology. Journal of Electronic Imaging, 6(4):395--405, 1997.},
  year = { 1997 },
  pages = { 395-405},
}

@ARTICLE{MICHIELSEN_2001,
  author = { MICHIELSEN, K. and DE RAEDT, H. and KAWAKATSU, T. },
  title = { Morphological Image Analysis },
  journal = { Laboratory for Biophysical Chemistry },
  year = { 2001 },
}
